
@article{verse,
  title={The verse calculus: a core calculus for deterministic functional logic programming},
  author={Augustsson, Lennart and Breitner, Joachim and Claessen, Koen and Jhala, Ranjit and Peyton Jones, Simon and Shivers, Olin and Steele Jr, Guy L and Sweeney, Tim},
  journal={Proceedings of the ACM on Programming Languages},
  volume={7},
  number={ICFP},
  pages={417--447},
  year={2023},
  publisher={ACM New York, NY, USA}
}


@article{guardproposal,
  title={Pattern guards and transformational patterns},
  author={Erwig, Martin and Jones, Simon Peyton},
  journal={Electronic Notes in Theoretical Computer Science},
  volume={41},
  number={1},
  pages={3},
  year={2001},
  publisher={Elsevier}
}

@inproceedings{maranget,
  title={Compiling pattern matching to good decision trees},
  author={Maranget, Luc},
  booktitle={Proceedings of the 2008 ACM SIGPLAN workshop on ML},
  pages={35--46},
  year={2008}
}

@misc{scala,
  author={Scala developers},
  title={Pattern Matching - The Scala Programming Language},
  howpublished={\url{https://docs.scala-lang.org/tour/pattern-matching.html}}
}

@article{haskell,
  title={Haskell 2010 Language Report: Chapter 3},
  author={Marlow, Simon and others},
  year={2010}
}


@online{elixir,
  title={Elixir Documentation},
  author={The Elixir Team},
  organization={Hexdocs.pm},
  url={https://hexdocs.pm/elixir/index.html}
}

@book{rust,
  title={The Rust programming language},
  author={Klabnik, Steve and Nichols, Carol},
  year={2023},
  publisher={No Starch Press}
}

@article{fsharp,
  title={The F\# 2.0 language specification},
  author={Syme, Don and Hoban, Luke and Liu, Tao and Lomov, Dmitry and Margetson, James and McNamara, Brian and Pamer, Joe and Orwick, Penny and Quirk, Daniel and Smith, Chris and others},
  journal={Microsoft, August},
  year={2010}
}

@phdthesis{ocaml,
  title={The OCaml system release 5.1: Documentation and user's manual},
  author={Leroy, Xavier and Doligez, Damien and Frisch, Alain and Garrigue, Jacques and R{\'e}my, Didier and Sivaramakrishnan, KC and Vouillon, J{\'e}r{\^o}me},
  year={2023},
  school={Inria}
}

@article{erlang,
  title={Erlang 4.7. 3 Reference Manual DRAFT (0.7)},
  author={Barklund, Jonas and Virding, Robert},
  journal={Ericsson AB},
  pages={79},
  year={1999}
}

@article{agda,
  title={Programming language foundations in Agda},
  author={Kokke, Wen and Siek, Jeremy G and Wadler, Philip},
  journal={Science of Computer Programming},
  volume={194},
  pages={102440},
  year={2020},
  publisher={Elsevier}
}



@article{macqueen1985tree,
  title={Tree Pattern matching for ML},
  author={MacQueen, David and Baudinet, M},
  journal={Unpublished manuscript},
  year={1985}
}

@article{burton1993pattern,
  title={Pattern matching with abstract data types1},
  author={Burton, F Warren and Cameron, Robert D},
  journal={Journal of Functional Programming},
  volume={3},
  number={2},
  pages={171--190},
  year={1993},
  publisher={Cambridge University Press}
}

@article{palao1996new,
  title={A new look at pattern matching in abstract data types},
  author={Palao Gostanza, Pedro and Pena, Ricardo and N{\'u}nez, Manuel},
  journal={ACM SIGPLAN Notices},
  volume={31},
  number={6},
  pages={110--121},
  year={1996},
  publisher={ACM New York, NY, USA}
}

@inproceedings{wadler1987views,
  title={Views: A way for pattern matching to cohabit with data abstraction},
  author={Wadler, Philip},
  booktitle={Proceedings of the 14th ACM SIGACT-SIGPLAN symposium on Principles of programming languages},
  pages={307--313},
  year={1987}
}

@misc{timtalk,
  author      ={Tim Sweeney},
  howpublished={\url{https://www.youtube.com/watch?v=LXEqsV7vF-E&list=PLyrlk8Xaylp5yZHjvOlJo_63AtJiOQhag&index=51}},
  title       ={Ask me anything with Tim Sweeney},
  year        ={2023}
}

@article{antoy2010functional,
  title={Functional logic programming},
  author={Antoy, Sergio and Hanus, Michael},
  journal={Communications of the ACM},
  volume={53},
  number={4},
  pages={74--85},
  year={2010},
  publisher={ACM New York, NY, USA}
}

@article{hanus2013functional,
  title={Functional logic programming: From theory to Curry},
  author={Hanus, Michael},
  journal={Programming Logics: Essays in Memory of Harald Ganzinger},
  pages={123--168},
  year={2013},
  publisher={Springer}
}

@inproceedings{wadler1985replace,
  title={How to replace failure by a list of successes a method for exception handling, backtracking, and pattern matching in lazy functional languages},
  author={Wadler, Philip},
  booktitle={Conference on Functional Programming Languages and Computer Architecture},
  pages={113--128},
  year={1985},
  organization={Springer}
}

@article{clark1982introduction,
  title={An introduction to logic programming},
  author={Clark, KL},
  journal={Introductory Readings in Expert Systems, ed. D. Michie},
  pages={93--112},
  year={1982}
}


@book{bpc,
  title={Programming Languages: Build, Prove, and Compare},
  author={Ramsey, Norman},
  year={2022},
  publisher={Cambridge University Press}
}

@article{scottramsey,
  title={When do match-compilation heuristics matter},
  author={Scott, Kevin and Ramsey, Norman},
  journal={University of Virginia, Charlottesville, VA},
  year={2000}
}


@book{dijkstra,
  publisher = {Prentice Hall},
  title = {A Discipline of Programming},
  address = {Englewood Cliffs, NJ},
  author = {Edsger W. Dijkstra},
  year = {1976},
}

@inproceedings{augustsson1985compiling,
  title={Compiling pattern matching},
  author={Augustsson, Lennart},
  booktitle={Conference on Functional Programming Languages and Computer Architecture},
  pages={368--381},
  year={1985},
  organization={Springer}
}

@book{liskov:abstraction,
author = "Barbara Liskov and John Guttag",
title = "Abstraction and Specification in Program Development",
publisher = "MIT Press/McGraw-Hill",
address="Cambridge, MA",
year = "1986",
keywords = "CLU, programming language, abstract datatype data
type, ADT, module, modular, OO OOP",
abstract = "XXXISBN 0-262-12112-3 CLU is in an appendix",
}
@book{church1985calculi,
  title={The calculi of lambda-conversion},
  author={Church, Alonzo},
  number={6},
  year={1985},
  publisher={Princeton University Press}
}
