
@article{robinson,
author = {Robinson, J. A.},
title = {A Machine-Oriented Logic Based on the Resolution Principle},
year = {1965},
issue_date = {Jan. 1965},
publisher = {Association for Computing Machinery},
address = {New York, NY, USA},
volume = {12},
number = {1},
issn = {0004-5411},
url = {https://doi.org/10.1145/321250.321253},
doi = {10.1145/321250.321253},
journal = {J. ACM},
month = {jan},
pages = {23â€“41},
numpages = {19}
}

@book{dijkstra,
	title        = {A Discipline of Programming},
	author       = {Edsger W. Dijkstra},
	year         = 1976,
	publisher    = {Prentice Hall},
	address      = {Englewood Cliffs, NJ}
}
@article{clark1982introduction,
	title        = {An introduction to logic programming},
	author       = {Clark, KL},
	year         = 1982,
	journal      = {Introductory Readings in Expert Systems, ed. D. Michie},
	pages        = {93--112}
}
@unpublished{macqueen1985tree,
  year = {1986},
  author = {Marianne Baudinet and David MacQueen},
  title = {Tree Pattern Matching for {ML}},
  note = {Available from David MacQueen, AT\&T Bell Laboratories, 600 Mountain Avenue, Murray, Hill, NJ 07974},
}
@inproceedings{wadler1985replace,
	title        = {How to replace failure by a list of successes a method for exception handling, backtracking, and pattern matching in lazy functional languages},
	author       = {Wadler, Philip},
	year         = 1985,
	booktitle    = {Conference on Functional Programming Languages and Computer Architecture},
	pages        = {113--128},
	organization = {Springer}
}
@inproceedings{augustsson1985compiling,
	title        = {Compiling pattern matching},
	author       = {Augustsson, Lennart},
	year         = 1985,
	booktitle    = {Conference on Functional Programming Languages and Computer Architecture},
	pages        = {368--381},
	organization = {Springer}
}
@book{church1985calculi,
	title        = {The calculi of lambda-conversion},
	author       = {Church, Alonzo},
	year         = 1985,
	publisher    = {Princeton University Press},
}
@book{liskov:abstraction,
	title        = {Abstraction and Specification in Program Development},
	author       = {Barbara Liskov and John Guttag},
	year         = 1986,
	publisher    = {MIT Press/McGraw-Hill},
	address      = {Cambridge, MA},
	keywords     = {CLU, programming language, abstract datatype data type, ADT, module, modular, OO OOP},
	abstract     = {XXXISBN 0-262-12112-3 CLU is in an appendix}
}
@inproceedings{wadler1987views,
	title        = {Views: A way for pattern matching to cohabit with data abstraction},
	author       = {Wadler, Philip},
	year         = 1987,
	booktitle    = {Proceedings of the 14th ACM SIGACT-SIGPLAN symposium on Principles of programming languages},
	pages        = {307--313}
}
@article{burton1993pattern,
	title        = {Pattern matching with abstract data types1},
	author       = {Burton, F Warren and Cameron, Robert D},
	year         = 1993,
	journal      = {Journal of Functional Programming},
	publisher    = {Cambridge University Press},
	volume       = 3,
	number       = 2,
	pages        = {171--190}
}
@article{palao1996new,
	title        = {A new look at pattern matching in abstract data types},
	author       = {Palao Gostanza, Pedro and Pena, Ricardo and N{\'u}nez, Manuel},
	year         = 1996,
	journal      = {ACM SIGPLAN Notices},
	publisher    = {ACM New York, NY, USA},
	volume       = 31,
	number       = 6,
	pages        = {110--121}
}
@article{erlang,
	title        = {Erlang 4.7. 3 Reference Manual DRAFT (0.7)},
	author       = {Barklund, Jonas and Virding, Robert},
	year         = 1999,
	journal      = {Ericsson AB},
	pages        = 79
}

@techreport{scottramsey,
  number = {CS-2000-13},
  author = {Kevin Scott and Norman Ramsey},
  institution = {Department of Computer Science},
  title = {When Do Match-Compilation Heuristics Matter?},
  month = {May},
  year = {2000},
  topic = {match compilation:breadth},
  base = {match},
  address = {University of Virginia},
}
@article{guardproposal,
	title        = {Pattern guards and transformational patterns},
	author       = {Erwig, Martin and Jones, Simon Peyton},
	year         = 2001,
	journal      = {Electronic Notes in Theoretical Computer Science},
	publisher    = {Elsevier},
	volume       = 41,
	number       = 1,
	pages        = 3
}
@inproceedings{maranget,
	title        = {Compiling pattern matching to good decision trees},
	author       = {Maranget, Luc},
	year         = 2008,
	booktitle    = {Proceedings of the 2008 ACM SIGPLAN workshop on ML},
	pages        = {35--46}
}
@article{haskell,
	title        = {Haskell 2010 Language Report: Chapter 3},
	author       = {Marlow, Simon and others},
	url          = {https://www.haskell.org/onlinereport/haskell2010/},
	year         = 2010
}
@article{fsharp,
	title        = {The F\# 2.0 language specification},
	author       = {Syme, Don and Hoban, Luke and Liu, Tao and Lomov, Dmitry and Margetson, James and McNamara, Brian and Pamer, Joe and Orwick, Penny and Quirk, Daniel and Smith, Chris and others},
	year         = 2010,
	journal      = {Microsoft, August}
}
@article{antoy2010functional,
	title        = {Functional logic programming},
	author       = {Antoy, Sergio and Hanus, Michael},
	year         = 2010,
	journal      = {Communications of the ACM},
	publisher    = {ACM New York, NY, USA},
	volume       = 53,
	number       = 4,
	pages        = {74--85}
}
@article{hanus2013functional,
	title        = {Functional logic programming: From theory to Curry},
	author       = {Hanus, Michael},
	year         = 2013,
	journal      = {Programming Logics: Essays in Memory of Harald Ganzinger},
	publisher    = {Springer},
	pages        = {123--168}
}
@article{agda,
	title        = {Programming language foundations in Agda},
	author       = {Kokke, Wen and Siek, Jeremy G and Wadler, Philip},
	year         = 2020,
	journal      = {Science of Computer Programming},
	publisher    = {Elsevier},
	volume       = 194,
	pages        = 102440
}
@book{bpc,
	title        = {Programming Languages: Build, Prove, and Compare},
	author       = {Ramsey, Norman},
	year         = 2022,
	publisher    = {Cambridge University Press}
}
@article{verse,
	title        = {The Verse Calculus: A Core Calculus for Deterministic Functional Logic Programming},
	author       = {Augustsson, Lennart and Breitner, Joachim and Claessen, Koen and Jhala, Ranjit and Peyton Jones, Simon and Shivers, Olin and Steele Jr, Guy L and Sweeney, Tim},
	year         = 2023,
	journal      = {Proceedings of the ACM on Programming Languages},
	publisher    = {ACM New York, NY, USA},
	volume       = 7,
	number       = {ICFP},
	pages        = {417--447}
}
@book{rust,
	title        = {The Rust programming language},
	author       = {Klabnik, Steve and Nichols, Carol},
	year         = 2023,
	publisher    = {No Starch Press}
}
@online{ocaml,
	title        = {The OCaml system release 5.1: Documentation and user's manual},
	author       = {Leroy, Xavier and Doligez, Damien and Frisch, Alain and Garrigue, Jacques and R{\'e}my, Didier and Sivaramakrishnan, KC and Vouillon, J{\'e}r{\^o}me},
	year         = 2023,
	school       = {Inria}
}
@misc{timtalk,
	title        = {Ask me anything with Tim Sweeney},
	author       = {Tim Sweeney},
	year         = 2023,
	howpublished = {\url{https://www.youtube.com/watch?v=LXEqsV7vF-E&list=PLyrlk8Xaylp5yZHjvOlJo_63AtJiOQhag&index=51}},
	urldate = {2024-04-02}
}
@misc{scala,
	title        = {Pattern Matching - The Scala Programming Language},
	author       = {Scala developers},
	howpublished = {\url{https://docs.scala-lang.org/tour/pattern-matching.html}},
	urldate = {2024-04-02}
}
@online{elixir,
	title        = {Elixir Documentation},
	author       = {The Elixir Team},
	url          = {https://hexdocs.pm/elixir/index.html},
	organization = {Hexdocs.pm},
	urldate = {2024-04-02}

}

@misc{peyton-jones2024verification,
  author       = {Peyton-Jones, Simon},
  title        = {Verification in Verse},
  booktitle    = {Proceedings of the Working Group 2.8 on Functional Programming},
  organization = {IFIP},
  address      = {Utrecht, Netherlands},
  month        = apr,
  year         = {2024},
  day          = {24},
}

